<?xml version="1.0" encoding="UTF-8"?><collection xmlns="http://www.loc.gov/MARC21/slim"><record><leader>00284nam--2200109-i-4500</leader><controlfield tag="001">000045121</controlfield><controlfield tag="002">20161230</controlfield><controlfield tag="005">20161230201044</controlfield><controlfield tag="008">060222s1000------------r-----000-0-eng-d</controlfield><datafield ind1=" " ind2=" " tag="245"><subfield code="a">Traite de physique theorique ... vol.16: theorie quantique des champs</subfield></datafield><datafield ind1=" " ind2=" " tag="700"><subfield code="a">Visconti,A</subfield></datafield><datafield ind1=" " ind2=" " tag="852"><subfield code="a">10381</subfield></datafield></record></collection>